@inproceedings{greenWup,
  title={A novel wake-up receiver with addressing capability for wireless sensor nodes},
  author={Petrioli, Chiara and Spenza, Dora and Tommasino, Pasquale and Trifiletti, Alessandro},
  booktitle={2014 IEEE International Conference on Distributed Computing in Sensor Systems},
  pages={18--25},
  year={2014},
  organization={IEEE}
}

@inproceedings{gCastalia,
  title={GreenCastalia: An energy-harvesting-enabled framework for the Castalia simulator},
  author={Benedetti, David and Petrioli, Chiara and Spenza, Dora},
  booktitle={Proceedings of the 1st International Workshop on Energy Neutral Sensing Systems},
  pages={1--6},
  year={2013}
}

@inproceedings{castalia,
  title={Castalia: revealing pitfalls in designing distributed algorithms in WSN},
  author={Boulis, Athanassios},
  booktitle={Proceedings of the 5th international conference on Embedded networked sensor systems},
  pages={407--408},
  year={2007}
}

@inproceedings{magonode++,
  title={Magonode++-a wake-up-radio-enabled wireless sensor mote for energy-neutral applications},
  author={Paoli, Mario and Spenza, Dora and Petrioli, Chiara and Magno, Michele and Benini, Luca},
  booktitle={2016 15th ACM/IEEE International Conference on Information Processing in Sensor Networks (IPSN)},
  pages={1--2},
  year={2016},
  organization={IEEE}
}

@inproceedings{magonode,
  title={Beyond duty cycling: Wake-up radio with selective awakenings for long-lived wireless sensing systems},
  author={Spenza, Dora and Magno, Michele and Basagni, Stefano and Benini, Luca and Paoli, Mario and Petrioli, Chiara},
  booktitle={2015 IEEE conference on computer communications (INFOCOM)},
  pages={522--530},
  year={2015},
  organization={IEEE}
}

@inproceedings{greenRoutes,
  title={Wake-up radio-enabled routing for green wireless sensor networks},
  author={Basagni, Stefano and Di Valerio, Valerio and Koutsandria, Georgia and Petrioli, Chiara},
  booktitle={2017 IEEE 86th Vehicular Technology Conference (VTC-Fall)},
  pages={1--6},
  year={2017},
  organization={IEEE}
}

@article{energyHarvesting,
  title={Wireless Sensor Networks with Energy Harvesting.},
  author={Basagni, Stefano and Naderi, M Yousof and Petrioli, Chiara and Spenza, Dora and Conti, M and Giordano, S and Stojmenovic, I},
  journal={Mobile ad hoc networking},
  volume={1},
  pages={701--736},
  year={2013},
  publisher={Wiley Online Library}
}

@inproceedings{ctp-wur,
  title={CTP-WUR: The collection tree protocol in wake-up radio WSNs for critical applications},
  author={Basagni, Stefano and Petrioli, Chiara and Spenza, Dora},
  booktitle={2016 International Conference on Computing, Networking and Communications (ICNC)},
  pages={1--6},
  year={2016},
  organization={IEEE}
}

@inproceedings{wharp,
  title={WHARP: A wake-up radio and harvesting-based forwarding strategy for green wireless networks},
  author={Basagni, Stefano and Di Valerio, Valerio and Koutsandria, Georgia and Petrioli, Chiara and Spenza, Dora},
  booktitle={2017 IEEE 14th International Conference on Mobile Ad Hoc and Sensor Systems (MASS)},
  pages={257--265},
  year={2017},
  organization={IEEE}
}

@article{estensioneWHARP,
  title={Wake-up radio-based data forwarding for green wireless networks},
  author={Koutsandria, Georgia and Di Valerio, Valerio and Spenza, Dora and Basagni, Stefano and Petrioli, Chiara},
  journal={Computer Communications},
  year={2020},
  publisher={Elsevier}
}